@article{trotter,
title = {On the product of semi-groups of operators},
author = {H.F. Trotter},
year = {1959},
journal = {Proc. Amer. Math. Soc. 10},
pages = {545-551}
}

@book{fradkin, 
edition={2}, 
title={Field Theories of Condensed Matter Physics}, 
DOI={10.1017/CBO9781139015509}, 
publisher={Cambridge University Press}, 
author={Fradkin, Eduardo}, 
year={2013}
}

@book{Chakrabarti,
title="Quantum Ising Phases and Transitions in Transverse Ising Models",
year="1996",
publisher="Springer Berlin Heidelberg",
isbn="978-3-540-49865-0",
doi="10.1007/978-3-540-49865-0_3",
url="https://doi.org/10.1007/978-3-540-49865-0_3"
}

@article{Wegner,
author={Franz J. Wegner},
title={Duality in Generalized Ising Models and Phase Transitions without Local Order Parameters},
journal={J. Math. Phys.},
month={10},
year={1971}
}

@misc{Vasseur,
url={https://blogs.umass.edu/rvasseur/teaching/old/special-topics-solid-state-physics-p897-spring-2019/},
title={Special Topics: Solid State Physics, Lectures given at UMass Amherst},
year={2019},
author={Romain Vasseur}
}

@book{Binder,
author="Binder, Kurt
and Heermann, Dieter W.",
Title="Monte Carlo Simulation in Statistical Physics: An Introduction",
year="2019",
publisher="Springer International Publishing",
address="Cham",
pages="135--156",
isbn="978-3-030-10758-1",
doi="10.1007/978-3-030-10758-1_5",
url="https://doi.org/10.1007/978-3-030-10758-1_5"
}


